@misc{gdquest_gdscript,
  author = {GDQuest},
  title = {Learn GDScript from Zero},
  howpublished = {\url{https://www.gdquest.com/tutorial/godot/learning-paths/learn-gdscript-from-zero/}},
  note = {Accessed: 2025-09-11}
}

@misc{gdscript_basics,
  author = {{Godot Engine Documentation}},
  title = {GDScript Basics},
  howpublished = {\url{https://docs.godotengine.org/en/4.4/tutorials/scripting/gdscript/gdscript_basics.html}},
  note = {Accessed: 2025-09-11}
}

@misc{gdscript_learn,
  author = {{Godot Engine Documentation}},
  title = {Learn to Code with GDScript},
  howpublished = {\url{https://docs.godotengine.org/en/4.4/getting_started/introduction/learn_to_code_with_gdscript.html}},
  note = {Accessed: 2025-09-11}
}

@article{holfeld2023relevance,
  title={On the relevance of the Godot Engine in the indie game development industry},
  author={Holfeld, Julian},
  journal={arXiv preprint arXiv:2401.01909},
  year={2023}
}

@article{salmela2022game,
  title={Game development using the open-source Godot Game Engine},
  author={Salmela, Tero},
  journal={arXiv preprint arXiv:2205.XXXX},
  year={2022}
}
@misc{godot_gut,
  author       = {GUT Contributors},
  title        = {Godot Unit Testing (GUT) Framework},
  year         = {2025},
  howpublished = {\url{https://github.com/bitwes/Gut}},
  note         = {Accessed: 2025-09-11}
}
@misc{visualparadigm_online,
  title        = {Visual Paradigm Online: Free Class Diagram Tool},
  howpublished = {\url{https://online.visual-paradigm.com/diagrams/solutions/free-class-diagram-tool/}},
  note         = {Accessed: 2025-09-11},
  year         = {2025}
}